<?xml version="1.0" encoding="UTF-8"?><collection xmlns="http://www.loc.gov/MARC21/slim"><record><leader>00567nam--2200217-u-4500</leader><controlfield tag="001">000050390</controlfield><controlfield tag="002">20161230</controlfield><controlfield tag="003">81801</controlfield><controlfield tag="005">20161230201048</controlfield><controlfield tag="008">070223s1000------------r-----000-0-eng-d</controlfield><datafield ind1=" " ind2=" " tag="040"><subfield code="a">IFIN-HH</subfield></datafield><datafield ind1=" " ind2=" " tag="041"><subfield code="a">eng</subfield></datafield><datafield ind1="1" ind2="0" tag="100"><subfield code="a">Dolocan, Andrei D</subfield></datafield><datafield ind1="1" ind2="0" tag="245"><subfield code="a">Time-Resolved Low-Energy Electron Diffraction and Photoemission Pump-Probe Experiments</subfield></datafield><datafield ind1=" " ind2=" " tag="250"><subfield code="a">Teza de doctorat</subfield></datafield><datafield ind1=" " ind2=" " tag="260"><subfield code="a">Zurich</subfield><subfield code="b">Universitat Zurich</subfield><subfield code="c">2006</subfield></datafield><datafield ind1=" " ind2=" " tag="300"><subfield code="a">95p</subfield></datafield><datafield ind1=" " ind2="4" tag="650"><subfield code="a">Photon</subfield></datafield><datafield ind1="1" ind2=" " tag="700"><subfield code="a">Andrei D. Dolocan</subfield></datafield><datafield ind1=" " ind2=" " tag="852"><subfield code="a">81801</subfield></datafield><datafield ind1=" " ind2=" " tag="CAT"><subfield code="a">Sys</subfield><subfield code="c">20070223</subfield><subfield code="h">105956</subfield></datafield></record></collection>